
@online{potch_no_2016,
	title = {No Maintenance Intended},
	url = {http://unmaintained.tech/},
	author = {{@potch}},
	urldate = {2016-09-26},
	date = {2016}
}

@online{weavejester_codox_na,
	title = {Codox},
	url = {https://github.com/weavejester/codox},
	abstract = {codox - Clojure documentation tool},
	titleaddon = {Codox: Clojure documentation tool},
	author = {@weavejester},
	urldate = {2016-06-15}
}

@book{alter_transparency_2016,
	title = {Transparency and Openness Promotion ({TOP}) Guidelines},
	url = {osf.io/9f6gx},
	publisher = {Open Science Framework},
	author = {Alter, George and Banks, George C and Borsboom, Denny and Bowman, Sara D and Breckler, Steven J and Buck, Stuart and Chambers, Chris and Chin, Gilbert and Christensen, Garret and Contestabile, Monica and {Dafoe, A.} and {Freese, J.} and {Glennerster, R.} and {Goroff, D. L.} and {Hesse, B. W.} and {Humphreys, M.} and {Ishiyama, J.} and {Karlan, D.} and {Kraut, A.} and {Lupia, A.} and {Mabry, P. L.} and {Madon, T.} and {malhotra,  neil} and {Mayo-Wilson, E.} and {McNutt, M.} and {Miguel, E.} and {Nosek, B. A.} and {Paluck, E. L.} and {Simonsohn, U.} and {Soderberg, C. K.} and {Spellman, B.} and {Tornow, J.} and {Turitto, J.} and {VandenBos, G.} and {Vazire, S.} and {Wagenmakers, E.-J.} and {Wilson, R. K.} and {Yarkoni, T.} and {Mellor, D. T.} and {Esposito, J.}},
	date = {2016-08}
}

@online{ambler_introduction_2013,
	title = {Introduction to Test Driven Development ({TDD})},
	url = {http://agiledata.org/essays/tdd.html},
	author = {Ambler, Scott},
	urldate = {2016-09-26},
	date = {2013-04-19}
}

@online{atlassian_bitbucket_na,
	title = {Bitbucket {\textbar} The Git solution for professional teams},
	url = {https://bitbucket.org/},
	abstract = {Collaborate on code with inline comments and pull requests. Manage and share your Git repositories to build and ship software, as a team.},
	titleaddon = {Bitbucket},
	author = {Atlassian},
	urldate = {2016-10-20}
}

@online{bahajji_indexing_2015,
	title = {Indexing {HTTPS} pages by default},
	url = {https://security.googleblog.com/2015/12/indexing-https-pages-by-default.html},
	abstract = {Posted by Zineb Ait Bahajji , {WTA}, and the Google Security and Indexing teams   [Cross-posted from the Webmaster Central Blog ]   At Google,...},
	titleaddon = {Google Online Security Blog},
	author = {Bahajji, Zineb Ait and {WTA} and {Google Security Team} and {Google Indexing Team}},
	urldate = {2016-09-24},
	date = {2015-12-17}
}

@book{beck_test-driven_2003,
	title = {Test-Driven Development by Example},
	publisher = {Addison Wesley},
	author = {Beck, K.},
	date = {2003}
}

@online{brutlag_speed_2009,
	title = {Speed Matters},
	url = {https://research.googleblog.com/2009/06/speed-matters.html},
	titleaddon = {Google Research Blog},
	author = {Brutlag, Jake},
	urldate = {2016-06-14},
	date = {2009-06-23}
}

@software{burger_runit:_2015,
	title = {{RUnit}: R Unit Test Framework},
	rights = {{GPL}-2},
	url = {https://cran.r-project.org/web/packages/RUnit/index.html},
	shorttitle = {{RUnit}},
	abstract = {R functions implementing a standard Unit Testing
        framework, with additional code inspection and report
        generation tools.},
	version = {0.4.31},
	author = {Burger, Matthias and Juenemann, Klaus and Koenig, Thomas},
	urldate = {2016-11-23},
	date = {2015-11-06},
	file = {R Package Snapshot:/Users/sparky/Library/Application Support/Zotero/Profiles/tespon93.default/zotero/storage/H6QDDXM5/index.html:text/html}
}

@report{burgess_2015_2016,
	title = {2015 {AIST} Evaluations Overview},
	url = {http://testbed.esipfed.org/sites/default/files/2015_AIST_Evaluations_Overview.pdf},
	institution = {Federation of Earth Science Information Partners},
	author = {Burgess, Annie},
	urldate = {2016-06-10},
	date = {2016}
}

@inproceedings{car_data_2016,
	location = {Denver, {CO}},
	title = {Data Reuse Fitness Assessment Using Provenance},
	url = {http://www.scidatacon.org/2016/sessions/53/paper/47/},
	eventtitle = {{SciDataCon}},
	author = {Car, Nicholas},
	urldate = {2016-09-28},
	date = {2016-09-12}
}

@online{crockford_jslint_2015,
	title = {{JSLint}},
	url = {https://github.com/douglascrockford/JSLint},
	abstract = {{JSLint} - The {JavaScript} Code Quality Tool},
	titleaddon = {{GitHub}},
	author = {Crockford, Douglas},
	urldate = {2016-06-13},
	date = {2015-10-20}
}

@online{eghbal_contributing_2016,
	title = {Contributing Guides: A Template},
	url = {https://github.com/nayafia/contributing-template},
	author = {Eghbal, Nadia},
	date = {2016},
	keywords = {Medium Priority}
}

@online{eghbal_roads_2016,
	title = {Roads and Bridges: The Unseen Labor Behind Our Digital Infrastructure},
	url = {http://www.fordfoundation.org/library/reports-and-studies/roads-and-bridges-the-unseen-labor-behind-our-digital-infrastructure/},
	shorttitle = {Roads and Bridges},
	abstract = {Society runs on software but software building tools are buckling under the demand. In this report, Nadia Eghbal addresses the challenges.},
	titleaddon = {Ford Foundation},
	author = {Eghbal, Nadia},
	urldate = {2016-07-15},
	date = {2016}
}

@online{ehmke_contributor_2014,
	title = {Contributor Covenant: A Code of Conduct for Open Source Projects.},
	url = {http://contributor-covenant.org/},
	author = {Ehmke, Coraline Ada},
	date = {2014}
}

@thesis{fielding_architectural_2000,
	title = {Architectural Styles and the Design of Network-based Software Architectures},
	url = {https://www.ics.uci.edu/~fielding/pubs/dissertation/top.htm},
	institution = {University of California, Irvine},
	type = {phdthesis},
	author = {Fielding, Roy T.},
	urldate = {2016-06-15},
	date = {2000}
}

@online{fowler_continuous_2006,
	title = {Continuous Integration},
	url = {http://martinfowler.com/articles/continuousIntegration.html},
	abstract = {Continuous Integration occurs when all developers push their changes to mainline at least once per day, with automated tests to detect integration errors. This greatly reduces integration pain.},
	titleaddon = {martinfowler.com},
	author = {Fowler, Martin},
	urldate = {2016-06-15},
	date = {2006-05}
}

@online{fowler_mocks_2007,
	title = {Mocks Aren't Stubs},
	url = {http://martinfowler.com/articles/mocksArentStubs.html},
	abstract = {Explaining the difference between Mock Objects and Stubs (together with other forms of Test Double). Also the difference between classical and mockist styles of unit testing.},
	titleaddon = {martinfowler.com},
	author = {Fowler, Martin},
	urldate = {2016-10-18},
	date = {2007-01-02}
}

@article{gil_towards_2016,
	title = {Towards the Geoscience Paper of the Future: Best Practices for Documenting and Sharing Research from Data to Software to Provenance},
	issn = {2333-5084},
	url = {http://onlinelibrary.wiley.com/doi/10.1002/2015EA000136/abstract},
	doi = {10.1002/2015EA000136},
	shorttitle = {Towards the Geoscience Paper of the Future},
	abstract = {Geoscientists now live in a world rich with digital data and methods, and their computational research cannot be fully captured in traditional publications. The Geoscience Paper of the Future ({GPF}) presents an approach to fully document, share, and cite all their research products including data, software, and computational provenance. This article proposes best practices for {GPF} authors to make data, software, and methods openly accessible, citable, and well documented. The publication of digital objects empowers scientists to manage their research products as valuable scientific assets in an open and transparent way that enables broader access by other scientists, students, decision makers, and the public. Improving documentation and dissemination of research will accelerate the pace of scientific discovery by improving the ability of others to build upon published work.},
	pages = {2015EA000136},
	journaltitle = {Earth and Space Science},
	shortjournal = {Earth and Space Science},
	author = {Gil, Yolanda and David, CÃ©dric H. and Demir, Ibrahim and Essawy, Bakinam T. and Fulweiler, Robinson W. and Goodall, Jonathan L. and Karlstrom, Leif and Lee, Huikyo and Mills, Heath J. and Oh, Ji-Hyun and Pierce, Suzanne A and Pope, Allen and Tzeng, Mimi W. and Villamizar, Sandra R. and Yu, Xuan},
	urldate = {2016-08-05},
	date = {2016-07-01},
	langid = {english},
	keywords = {0520 Data analysis: algorithms and implementation, 0525 Data management, 1912 Data management, preservation, rescue, 1978 Software re-use, 1998 Workflow, Data sharing, Geoscience paper of the future, Provenance, reproducibility, Software reuse, Workflow},
	file = {Full Text PDF:/Users/sparky/Library/Application Support/Zotero/Profiles/tespon93.default/zotero/storage/3PC4MQSB/Gil et al. - 2016 - Towards the Geoscience Paper of the Future Best P.pdf:application/pdf}
}

@report{graybeal_esip_2016,
	title = {{ESIP} Technology Evaluation Framework Final Recommendations},
	url = {http://wiki.esipfed.org/images/7/73/ESIP_Technology_Evaluation_Framework_Recommendations.pdf},
	author = {Graybeal, John},
	urldate = {2016-05-24},
	date = {2016-01}
}

@report{hettrick_research_2016,
	title = {Research Software Sustainability: Report on a Knowledge Exchange Workshop},
	url = {http://repository.jisc.ac.uk/6332/1/Research_Software_Sustainability_Report_on_KE_Workshop_Feb_2016_FINAL.pdf},
	institution = {The Software Sustainability Institute},
	author = {Hettrick, Simon},
	date = {2016-02}
}

@online{holdren_increasing_2013,
	title = {Increasing Access to the Results of Federally Funded Scientific Research},
	url = {https://www.whitehouse.gov/sites/default/files/microsites/ostp/ostp_public_access_memo_2013.pdf},
	author = {Holdren, John P.},
	urldate = {2016-09-26},
	date = {2013-02-22},
	file = {ostp_public_access_memo_2013.pdf:/Users/sparky/Library/Application Support/Zotero/Profiles/tespon93.default/zotero/storage/DHEBCUWF/ostp_public_access_memo_2013.pdf:application/pdf}
}

@misc{jackson_software_2011,
	title = {Software Evaluation: Criteria-based Assessment},
	url = {http://software.ac.uk/sites/default/files/SSI-SoftwareEvaluationCriteria.pdf},
	publisher = {Software Sustainability Institute},
	author = {Jackson, Mike and Crouch, Steve and Baxter, Rob},
	date = {2011-11},
	keywords = {High Priority}
}

@online{jquery.org_jquery_na,
	title = {{jQuery}},
	url = {https://jquery.com/},
	abstract = {{jQuery}: The Write Less, Do More, {JavaScript} Library},
	author = {jquery.org, {jQuery} Foundation-},
	urldate = {2016-10-26}
}

@article{kudrjavets_assessing_2006,
	title = {Assessing the Relationship between Software Assertions and Code Quality: An Empirical Investigation},
	url = {https://www.microsoft.com/en-us/research/publication/assessing-the-relationship-between-software-assertions-and-code-qualityan-empirical-investigation/},
	shorttitle = {Assessing the Relationship between Software Assertions and Code Quality},
	abstract = {The use of assertions in software development is thought to help produce quality software. Unfortunately, there is scant empirical evidence in commercial software systems for this argument to date. This paper presents an empirical case study of two commercial software components at Microsoft Corporation. The developers of these components systematically employed assertions, which allowed us â¦},
	journaltitle = {Microsoft Research},
	author = {Kudrjavets, Gunnar and Nagappan, Nachi and Ball, Tom},
	urldate = {2016-11-03},
	date = {2006-05-01}
}

@incollection{ma_documenting_2017,
	location = {Hershey, {PA}},
	title = {Documenting Provenance for Reproducible Marine Ecosystem Assessment in Open Science.},
	url = {http://www.igi-global.com/chapter/documenting-provenance-for-reproducible-marine-ecosystem-assessment-in-open-science/166838},
	pages = {100--126},
	booktitle = {Oceanographic and Marine Cross-Domain Data Management for Sustainable Development},
	author = {Ma, Xiaogang and Beaulieu, Stace E. and Fu, Linyun and Fox, Peter and Di Stefano, Massimo and West, Patrick},
	editor = {Diviacco, Paolo and Leadbetter, Adam and Glaves, Helen},
	date = {2017}
}

@online{marcotte_responsive_2010,
	title = {Responsive Web Design},
	url = {http://alistapart.com/article/responsive-web-design},
	abstract = {Designers have coveted print for its precision layouts, lamenting the varying user contexts on the web that compromise their designs. Ethan Marcotte advocates we shift our design thinking to appropriate these constraints: using fluid grids, flexible images, and media queries, he shows us how to embrace the âebb and flow of things\&\#8221 with responsive web design.},
	author = {Marcotte, Ethan},
	urldate = {2016-06-16},
	date = {2010-05-25}
}

@online{narla_hermetic_2012,
	title = {Hermetic Servers},
	url = {https://testing.googleblog.com/2012/10/hermetic-servers.html},
	abstract = {By Chaitali Narla  and Diego Salas     Consider a complex and rich web app. Under the hood, it is probably a maze of servers, each performi...},
	titleaddon = {Google Testing Blog},
	author = {Narla, Chaitali and Salas, Diego},
	urldate = {2016-10-18},
	date = {2012-10-03}
}

@online{oosterhof_moxunit/moxunit_na,
	title = {{MOxUnit}/{MOxUnit}},
	url = {https://github.com/MOxUnit/MOxUnit},
	abstract = {{MOxUnit} - An {xUnit} framework for Matlab and {GNU} Octave},
	titleaddon = {{GitHub}},
	author = {Oosterhof, Nikolaas N},
	urldate = {2016-11-23}
}

@online{priem_altmetrics:_2010,
	title = {Altmetrics: A Manifesto},
	url = {http://altmetrics.org/manifesto/},
	titleaddon = {Altmetrics: A Manifesto},
	author = {Priem, J. and Taraborelli, D. and Groth, P. and Neylon, C.},
	urldate = {2016-09-26},
	date = {2010-10-26}
}

@online{ratnakar_ontosoft_na,
	title = {Ontosoft},
	url = {http://ontosoft.org/ontology/software/},
	titleaddon = {Ontosoft},
	author = {Ratnakar, Varun and Gil, Yolanda},
	urldate = {2016-05-24}
}

@online{regehr_use_2014,
	title = {Use of Assertions â Embedded in Academia},
	url = {http://blog.regehr.org/archives/1091},
	author = {Regehr, John},
	urldate = {2016-11-03},
	date = {2014-02-02}
}

@article{smith_software_2016,
	title = {Software citation principles},
	volume = {2},
	issn = {2376-5992},
	url = {https://peerj.com/articles/cs-86},
	doi = {10.7717/peerj-cs.86},
	journaltitle = {{PeerJ} Computer Science},
	author = {Smith, Arfon M. and Katz, Daniel S. and Niemeyer, Kyle E. and {FORCE11 Software Citation Working Group}},
	urldate = {2016-09-22},
	date = {2016-09-19},
	langid = {english}
}

@article{stodden_best_2014,
	title = {Best Practices for Computational Science: Software Infrastructure and Environments for Reproducible and Extensible Research},
	volume = {2},
	rights = {Authors who publish with this journal agree to the following terms:    Authors retain copyright and grant the journal right of first publication with the work simultaneously licensed under a  Creative Commons Attribution License  that allows others to share the work with an acknowledgement of the work's authorship and initial publication in this journal.  Authors are able to enter into separate, additional contractual arrangements for the non-exclusive distribution of the journal's published version of the work (e.g., post it to an institutional repository or publish it in a book), with an acknowledgement of its initial publication in this journal.  Authors are permitted and encouraged to post their work online (e.g., in institutional repositories or on their website) prior to and during the submission process, as it can lead to productive exchanges, as well as earlier and greater citation of published work (See  The Effect of Open Access ).  All third-party images reproduced on this journal are shared under Educational Fair Use. For more information on  Educational Fair Use , please see  this useful checklist prepared by Columbia University Libraries .   All copyright  of third-party content posted here for research purposes belongs to its original owners.  Unless otherwise stated all references to characters and comic art presented on this journal are Â©, Â® or â¢ of their respective owners. No challenge to any ownerâs rights is intended or should be inferred.},
	issn = {2049-9647},
	url = {http://openresearchsoftware.metajnl.com/articles/10.5334/jors.ay/},
	doi = {10.5334/jors.ay},
	shorttitle = {Best Practices for Computational Science},
	abstract = {The goal of this article is to coalesce a discussion around best practices for scholarly research that utilizes computational methods, by providing a formalized set of best practice recommendations to guide computational scientists and other stakeholders wishing to disseminate reproducible research, facilitate innovation by enabling data and code re-use, and enable broader communication of the output of computational scientific research. Scholarly dissemination and communication standards are changing to reflect the increasingly computational nature of scholarly research, primarily to include the sharing of the data and code associated with published results. We also present these Best Practices as a living, evolving, and changing document at http://wiki.stodden.net/Best\_Practices.},
	number = {1},
	journaltitle = {Journal of Open Research Software},
	author = {Stodden, Victoria and Miguez, Sheila},
	urldate = {2016-09-26},
	date = {2014-07-09},
	langid = {english},
	keywords = {archiving, best practices, code sharing, computational science, Data sharing, open science, reproducible research, scientific method, wiki},
	file = {Full Text PDF:/Users/sparky/Library/Application Support/Zotero/Profiles/tespon93.default/zotero/storage/KKG4KVF8/Stodden and Miguez - 2014 - Best Practices for Computational Science Software.pdf:application/pdf}
}

@misc{uhlir_legal_2016,
	title = {Legal Interoperability Principles and Implementation Guidelines\_Final.pdf},
	url = {https://rd-alliance.org/sites/default/files/attachment/Legal%20Interoperability%20Principles%20and%20Implementation%20Guidelines_Final.pdf},
	publisher = {Research Data Alliance \& {CODATA}},
	author = {Uhlir, P. (ed.) and Clement, G. (ed.) and {RDA-CODATA Legal Interoperability Interest Group}},
	urldate = {2016-09-27},
	date = {2016-09-08},
	file = {Legal Interoperability Principles and Implementation Guidelines_Final.pdf:/Users/sparky/Library/Application Support/Zotero/Profiles/tespon93.default/zotero/storage/CIAQ9HP5/Legal Interoperability Principles and Implementation Guidelines_Final.pdf:application/pdf}
}

@article{zaveri_quality_2015,
	title = {Quality assessment for Linked Data: A Survey: A systematic literature review and conceptual framework},
	volume = {7},
	issn = {22104968, 15700844},
	url = {http://www.medra.org/servlet/aliasResolver?alias=iospress&doi=10.3233/SW-150175},
	doi = {10.3233/SW-150175},
	shorttitle = {Quality assessment for Linked Data},
	pages = {63--93},
	number = {1},
	journaltitle = {Semantic Web},
	author = {Zaveri, Amrapali and Rula, Anisa and Maurino, Andrea and Pietrobon, Ricardo and Lehmann, Jens and Auer, SÃ¶ren},
	editor = {Hitzler, Pascal},
	urldate = {2016-06-05},
	date = {2015-03-17}
}

@online{_unittest_na,
	title = {26.4. unittest â Unit testing framework â Python 3.5.2 documentation},
	url = {https://docs.python.org/3.5/library/unittest.html},
	urldate = {2016-11-23},
	file = {26.4. unittest â Unit testing framework â Python 3.5.2 documentation:/Users/sparky/Library/Application Support/Zotero/Profiles/tespon93.default/zotero/storage/7VCHJJZI/unittest.html:text/html}
}

@online{_accessibility_na,
	title = {Accessibility - W3C},
	url = {https://www.w3.org/standards/webdesign/accessibility#wai},
	urldate = {2016-06-15}
}

@online{_agile_na,
	title = {Agile Project Management},
	url = {https://www.pivotaltracker.com/},
	abstract = {Pivotal Tracker: The awesome, lightweight, agile project management tool for software teams. Get your 30-day Free Trial started today!},
	urldate = {2016-10-20}
}

@online{_react_na,
	title = {A {JavaScript} library for building user interfaces - React},
	url = {https://facebook.github.io/react/},
	abstract = {A {JavaScript} library for building user interfaces},
	urldate = {2016-10-26}
}

@online{_apachesvn_na,
	title = {Apache Subversion},
	url = {https://subversion.apache.org/},
	urldate = {2016-10-19}
}

@online{_apiblueprint_na,
	title = {{API} Blueprint {\textbar} {API} Blueprint},
	url = {https://apiblueprint.org/},
	urldate = {2016-10-20}
}

@online{_backbone.js_na,
	title = {Backbone.js},
	url = {http://backbonejs.org/},
	urldate = {2016-10-26}
}

@online{_section508_na,
	title = {Best Practice Library {\textbar} Section508.gov},
	url = {http://section508.gov/content/learn/best-practice-library},
	urldate = {2016-05-24}
}

@online{_bootstrap_na,
	title = {Bootstrap Â· The world's most popular mobile-first and responsive front-end framework.},
	url = {http://getbootstrap.com/},
	urldate = {2016-10-20}
}

@online{_trustedci_na,
	title = {Center for Trustworthy Scientific Cyberinfrastructure},
	url = {http://trustedci.org/},
	abstract = {Center for Trustworthy Scientific Cyberinfrastructure, {CTSC}, Indiana University, Center for Applied Cybersecurity Research, {CACR}, {IU}, Von Welch, National Science Foundation},
	titleaddon = {Center for Trustworthy Scientific Cyberinfrastructure},
	urldate = {2016-05-24}
}

@online{_chef_na,
	title = {Chef â Embrace {DevOps}},
	url = {https://www.chef.io/},
	abstract = {Jumpstart your move to {DevOps}. Chef gives you end-to-end control of application deployment from developer workstation to production, at any scale.},
	titleaddon = {Chef},
	urldate = {2016-10-20}
}

@online{_choosealicense_na,
	title = {Choose an open source license},
	url = {http://choosealicense.com/},
	abstract = {Non-judgmental guidance on choosing a license for your open source project},
	titleaddon = {Choose a License},
	urldate = {2016-06-13}
}

@online{_clahub_na,
	title = {{CLAHub}},
	url = {https://www.clahub.com/},
	titleaddon = {Contributor License Agreements on Github},
	urldate = {2016-05-24}
}

@online{_javastyle_1999,
	title = {Code Conventions for the Java Programming Language: Contents},
	url = {http://www.oracle.com/technetwork/java/codeconvtoc-136057.html},
	urldate = {2016-06-13},
	date = {1999}
}

@online{_gitlab_na,
	title = {Code, test, and deploy together with {GitLab} open source git repo management software},
	url = {https://about.gitlab.com/},
	abstract = {Code, test \&amp; deploy with {GitLab}. Everyone can contribute!},
	titleaddon = {{GitLab}},
	urldate = {2016-10-20}
}

@online{_circleci_na,
	title = {Continuous Integration and Delivery},
	url = {https://circleci.com/},
	abstract = {Rapidly release code with confidence on {CircleCI}âs modern continuous integration and delivery platform. Offered on hosted cloud, Enterprise, and {OS} X platforms.},
	titleaddon = {{CircleCI}},
	urldate = {2016-06-15}
}

@online{_coverity_na,
	title = {Coverity - Static Code Analysis ({SAST})},
	url = {http://www.synopsys.com/software-integrity/products/static-code-analysis.html},
	abstract = {Static code analysis finds defects and security vulnerabilities in source code without executing the code.  Top 10 Forbes Global Software Companies \& Top 20 {PWC} Global Software Leaders use coverity},
	urldate = {2016-10-20}
}

@online{_creativecommons_na,
	title = {Creative Commons},
	url = {https://creativecommons.org/},
	abstract = {Creative Commons licenses provide a flexible range of protections and freedoms for authors, artists, and educators.},
	titleaddon = {Creative Commons},
	urldate = {2016-06-16}
}

@online{_casraicredit_2016,
	title = {{CRediT}},
	url = {http://casrai.org/credit},
	abstract = {Welcome to the {CRediT} community of interest. {CRediT} brings together a diverse set of stakeholders wanting to better understand and communicate the different kinds of contributor roles in research outputs.},
	titleaddon = {{CASRAI}},
	urldate = {2016-10-25},
	date = {2016-04-18}
}

@online{_cwicsmart_na,
	title = {{CWICSmart} A Programmatic {OpenSearch} Client},
	url = {http://testbed.echo.nasa.gov/cwic-smart/validations},
	urldate = {2016-06-15}
}

@online{_markdown_na,
	title = {Daring Fireball: Markdown},
	url = {https://daringfireball.net/projects/markdown/},
	urldate = {2016-10-20}
}

@online{_daspos_na,
	title = {{DASPOS}},
	url = {https://daspos.crc.nd.edu/},
	urldate = {2016-05-24}
}

@online{_docker_na,
	title = {Docker},
	url = {http://www.docker.com/},
	abstract = {Docker is an open platform for developers and sysadmins to build, ship, and run distributed applications, whether on laptops, data center {VMs}, or the cloud.},
	titleaddon = {Docker},
	urldate = {2016-06-14}
}

@online{_uswebstandards_na,
	title = {Draft U.S. Web Design Standards Documentation {\textbar} {UI} components},
	url = {https://standards.usa.gov/},
	urldate = {2016-10-20}
}

@online{_eco-op_2015,
	title = {{ECO}-{OP}},
	url = {https://github.com/tetherless-world/ecoop},
	abstract = {Contribute to ecoop development by creating an account on {GitHub}.},
	titleaddon = {{ECO}-{OP} repository},
	urldate = {2016-10-28},
	date = {2015}
}

@online{_ember.js:_na,
	title = {Ember.js: A framework for creating ambitious web applications.},
	url = {http://emberjs.com/},
	shorttitle = {Ember.js},
	abstract = {Ember.js helps developers be more productive out of the box. Designed with developer ergonomics in mind, its friendly {APIs} help you get your job doneâfast.},
	urldate = {2016-10-26}
}

@online{_rdatatracker_na,
	title = {End-to-end-provenance/{RDataTracker}},
	url = {https://github.com/End-to-end-provenance/RDataTracker},
	abstract = {{RDataTracker} - An R library to collect provenance from R scripts.},
	titleaddon = {{GitHub}},
	urldate = {2016-10-20}
}

@online{_foundation_na,
	title = {Foundation {\textbar} The most advanced responsive front-end framework in the world.},
	url = {http://foundation.zurb.com/},
	urldate = {2016-10-20}
}

@online{_git_na,
	title = {Git},
	url = {https://git-scm.com/},
	urldate = {2016-10-19}
}

@online{_gnu_na,
	title = {{GNU} Coding Standards: Releases},
	url = {https://www.gnu.org/prep/standards/html_node/Releases.html#index-version-numbers_002c-for-releases},
	urldate = {2016-06-14}
}

@online{_googleanalytics_na,
	title = {Google Analytics Solutions - Web Analytics \& Marketing Measurement â Google},
	url = {https://www.google.com/analytics/#?modal_active=none},
	urldate = {2016-10-20}
}

@online{_googlevsaq_na,
	title = {Google {VSAQ}: Vendor Security Assessment Questionnaire},
	url = {https://github.com/google/vsaq},
	abstract = {vsaq - {VSAQ} is an interactive questionnaire application to assess the security programs of third parties.},
	titleaddon = {Google {VSAQ}},
	urldate = {2016-05-24}
}

@online{_prog_enhancement_2015,
	title = {Graceful degradation versus progressive enhancement - W3C Wiki},
	url = {https://www.w3.org/wiki/Graceful_degradation_versus_progressive_enhancement},
	urldate = {2016-06-16},
	date = {2015}
}

@online{_openapi_na,
	title = {Home {\textbar} Open {API} Initiative},
	url = {https://openapis.org/},
	urldate = {2016-10-20}
}

@online{_incommon_na,
	title = {{InCommon} Certificate Service},
	url = {https://www.incommon.org/certificates/},
	urldate = {2016-06-14}
}

@online{_jenkins_na,
	title = {Jenkins},
	url = {https://jenkins.io/index.html},
	urldate = {2016-06-15}
}

@online{_jors_na,
	title = {Journal of Open Research Software},
	url = {http://openresearchsoftware.metajnl.com/},
	abstract = {The Journal of Open Research Software ({JORS}) features peer reviewed Software Metapapers describing research software with high reuse potential. We are working with a number of specialist and institutional repositories to ensure that the associated software is professionally archived, preserved, and is openly available. Equally importantly, the software and the papers will be citable, and reuse will be tracked.{JORS} also publishes full-length research papers that cover different aspects of creating, maintaining and evaluating open source research software. The aim of the section is to promote the dissemination of best practice and experience related to the development and maintenance of reusable, sustainable research software.},
	urldate = {2016-10-17}
}

@online{_nbviewer_na,
	title = {Jupyter Notebook Viewer},
	url = {https://nbviewer.jupyter.org/},
	urldate = {2016-10-27}
}

@online{_letsencrypt_na,
	title = {Let's Encrypt - Free {SSL}/{TLS} Certificates},
	url = {https://letsencrypt.org/},
	urldate = {2016-06-14}
}

@online{_osi_na,
	title = {Licenses \& Standards {\textbar} Open Source Initiative},
	url = {https://opensource.org/licenses},
	urldate = {2016-10-20}
}

@online{_linux_na,
	title = {Linux Containers},
	url = {https://linuxcontainers.org/},
	urldate = {2016-10-20}
}

@online{_mercurial_na,
	title = {Mercurial {SCM}},
	url = {https://www.mercurial-scm.org/},
	urldate = {2016-10-19}
}

@online{_nagios_na,
	title = {Nagios - The Industry Standard In {IT} Infrastructure Monitoring},
	url = {https://www.nagios.org/},
	abstract = {Nagios provides enterprise-class Open Source {IT} monitoring, network monitoring, server and applications monitoring. Download Nagios Today!},
	titleaddon = {Nagios},
	urldate = {2016-10-20}
}

@online{_nasa_2012,
	title = {{NASA} Technology Readiness Levels},
	url = {https://www.nasa.gov/directorates/heo/scan/engineering/technology/txt_accordion1.html},
	date = {2012-10-28}
}

@online{_osx_na,
	title = {{OS} X Human Interface Guidelines: Designing for Yosemite},
	url = {https://developer.apple.com/library/mac/documentation/UserExperience/Conceptual/OSXHIGuidelines/},
	urldate = {2016-06-14}
}

@online{_owasp_na,
	title = {{OWASP}},
	url = {https://www.owasp.org/index.php/Main_Page},
	titleaddon = {The Open Web Application Security Project},
	urldate = {2016-05-24}
}

@online{_jupyter_na,
	title = {Project Jupyter},
	url = {http://www.jupyter.org},
	abstract = {The Jupyter Notebook is a web-based interactive computing platform. The notebook combines live code, equations, narrative text, visualizations, interactive dashboards and other media.},
	urldate = {2016-10-27}
}

@online{_prov-overview_na,
	title = {{PROV}-Overview},
	url = {https://www.w3.org/TR/prov-overview/},
	urldate = {2016-09-27}
}

@online{_provstore_na,
	title = {{ProvStore} - a free provenance repository},
	url = {https://provenance.ecs.soton.ac.uk/store/},
	urldate = {2016-09-27}
}

@online{_puppet_na,
	title = {Puppet - The shortest path to better software},
	url = {https://puppet.com/},
	abstract = {Puppet Enterprise - {IT} automation for cloud, security, and {DevOps}},
	titleaddon = {Puppet},
	urldate = {2016-10-20}
}

@online{_pylint_2016,
	title = {Pylint},
	url = {https://www.pylint.org/},
	urldate = {2016-06-12},
	date = {2016}
}

@online{_qgis_na,
	title = {{QGIS}: Developing Python Plugins},
	url = {http://docs.qgis.org/testing/en/docs/pyqgis_developer_cookbook/plugins.html},
	urldate = {2016-06-15}
}

@online{_quickcheck:_na,
	title = {{QuickCheck}: Automatic testing of Haskell programs},
	url = {https://hackage.haskell.org/package/QuickCheck},
	urldate = {2016-10-20}
}

@online{_raml_na,
	title = {{RAML}},
	url = {http://raml.org/},
	titleaddon = {{RAML}},
	urldate = {2016-06-15}
}

@online{_readthedocs_na,
	title = {Read the Docs},
	url = {https://readthedocs.org/},
	urldate = {2016-06-15}
}

@online{_recipy_na,
	title = {recipy/recipy},
	url = {https://github.com/recipy/recipy},
	abstract = {recipy - Effortless method to record provenance in Python},
	titleaddon = {{GitHub}},
	urldate = {2016-10-20}
}

@online{_restructuredtext_na,
	title = {{reStructuredText}},
	url = {http://docutils.sourceforge.net/rst.html},
	urldate = {2016-06-15}
}

@report{marshall_reuse_2010,
	title = {Reuse Readiness Levels ({RRLs})},
	url = {https://earthdata.nasa.gov/files/RRLs_v1.0.pdf},
	institution = {{NASA} Earth Science Data Systems - Software Reuse Working Group},
	editorb = {Marshall, James J.},
	editorbtype = {redactor},
	date = {2010-04-30}
}

@online{_rnotebook_na,
	title = {R Notebooks},
	url = {http://rmarkdown.rstudio.com/r_notebooks.html},
	urldate = {2016-10-27}
}

@online{_rlang_na,
	title = {R: The R Project for Statistical Computing},
	url = {https://www.r-project.org/},
	urldate = {2016-10-19}
}

@online{_selenium_na,
	title = {Selenium - Web Browser Automation},
	url = {http://www.seleniumhq.org/},
	urldate = {2016-06-15}
}

@online{_semver_na,
	title = {Semantic Versioning 2.0.0},
	url = {http://semver.org/},
	urldate = {2016-05-24}
}

@book{_softwarex_na,
	title = {{SoftwareX}},
	url = {http://www.journals.elsevier.com/softwarex/},
	abstract = {{SoftwareX} aims to acknowledge the impact of software on today's research practice, and on new scientific discoveries in almost all research domains....},
	urldate = {2016-06-16}
}

@online{_sourceclear_na,
	title = {{SourceClear}: Security for open-source code},
	url = {https://www.sourceclear.com/},
	shorttitle = {{SourceClear}},
	abstract = {Security for open-source code. Move fast and stay safe with Continuous Delivery, Secured.},
	titleaddon = {{SourceClear}},
	urldate = {2016-10-20}
}

@online{_sphinx_na,
	title = {Sphinx 1.4.4 documentation},
	url = {http://www.sphinx-doc.org/en/stable/index.html},
	urldate = {2016-06-15}
}

@online{_substack/tape_na,
	title = {substack/tape},
	url = {https://github.com/substack/tape},
	abstract = {tape - tap-producing test harness for node and browsers},
	titleaddon = {{GitHub}},
	urldate = {2016-11-23}
}

@online{_swagger_na,
	title = {Swagger â The World's Most Popular Framework for {APIs}.},
	url = {http://swagger.io/},
	urldate = {2016-06-15}
}

@online{_taverna_na,
	title = {Taverna - open source and domain independent Workflow Management System},
	url = {http://www.taverna.org.uk/},
	abstract = {Taverna is an open source domain independent Workflow Management System â a suite of tools used to design and execute scientific workflows and aide in silico experimentation},
	urldate = {2016-09-27}
}

@online{_ogcvalidator_na,
	title = {{TEAM} Engine: {OGC} Validator},
	url = {http://cite.opengeospatial.org/teamengine/},
	urldate = {2016-06-15}
}

@online{_gotesting_na,
	title = {testing - The Go Programming Language},
	url = {https://golang.org/pkg/testing/},
	urldate = {2016-11-23},
	file = {testing - The Go Programming Language:/Users/sparky/Library/Application Support/Zotero/Profiles/tespon93.default/zotero/storage/Q48P8MWW/testing.html:text/html}
}

@online{_elasticsearch_na,
	title = {The Elastic Stack},
	url = {https://www.elastic.co/products},
	abstract = {Elastic provides open source and commercial solutions designed to search, analyze, and visualize data. Explore Elastic's end-to-end data platform.},
	type = {Products},
	urldate = {2016-10-20}
}

@online{_joss_na,
	title = {The Journal of Open Source Software},
	url = {http://joss.theoj.org/}
}

@online{_julia_na,
	title = {The Julia Language},
	url = {http://julialang.org/},
	urldate = {2016-10-17}
}

@online{_kepler_na,
	title = {The Kepler Project â Kepler},
	url = {https://kepler-project.org/},
	urldate = {2016-09-27}
}

@online{_softwarecredit_na,
	title = {The Software Credit Ontology},
	url = {https://dagstuhleas.github.io/SoftwareCreditRoles/doc/index-en.html},
	urldate = {2016-08-15}
}

@online{_travis_na,
	title = {Travis {CI} - Test and Deploy Your Code with Confidence},
	url = {https://travis-ci.org/},
	urldate = {2016-06-15}
}

@online{_trello_na,
	title = {Trello},
	url = {https://trello.com},
	abstract = {Infinitely flexible.  Incredibly easy to use.  Great mobile apps.  It's free.  Trello keeps track of everything, from the big picture to the minute details.},
	urldate = {2016-10-20}
}

@online{_gitflow_na,
	title = {Understanding the {GitHub} Flow Â· {GitHub} Guides},
	url = {https://guides.github.com/introduction/flow/},
	urldate = {2016-06-15}
}

@online{_oauth_na,
	title = {Using {OAuth} 2.0 to Access Google {APIs} {\textbar} Google Identity Platform},
	url = {https://developers.google.com/identity/protocols/OAuth2},
	titleaddon = {Google Developers},
	urldate = {2016-10-20}
}

@online{_vagrant_na,
	title = {Vagrant by {HashiCorp}},
	url = {https://www.vagrantup.com/},
	urldate = {2016-10-20}
}

@online{_vistrails_na,
	title = {{VisTrails}},
	url = {https://www.vistrails.org/index.php/Main_Page},
	urldate = {2016-09-27}
}

@online{_wai-aria_na,
	title = {{WAI}-{ARIA} Overview},
	url = {https://www.w3.org/WAI/intro/aria.php},
	urldate = {2016-06-16}
}

@online{_watir.com_na,
	title = {Watir.com},
	url = {https://watir.com/},
	abstract = {Web Application Testing in Ruby},
	titleaddon = {Watir.com},
	urldate = {2016-11-27}
}

@online{_wcag_na,
	title = {{WCAG} Overview},
	url = {https://www.w3.org/WAI/intro/wcag},
	urldate = {2016-05-24}
}

@online{_wai_na,
	title = {Web Accessibility Initiative},
	url = {https://www.w3.org/standards/webdesign/accessibility},
	urldate = {2016-05-24}
}

@online{_webanalytics_2013,
	title = {Web Analytics Basics},
	url = {https://www.usability.gov/what-and-why/web-analytics.html},
	abstract = {Web analytics is the collection, reporting, and analysis of website data.},
	urldate = {2016-10-19},
	date = {2013-10-08},
	langid = {english}
}

@report{_dockerintroduction_2015,
	title = {Introduction to Container Security},
	url = {https://d3oypxn00j2a10.cloudfront.net/assets/img/Docker%20Security/WP_Intro_to_container_security_03.20.2015.pdf},
	institution = {Docker},
	urldate = {2016-06-14},
	date = {2015-03-18}
}
